@article{chung_kim_2018, title={Music recommendation model by analysis of listeners musical preference factor of K-pop}, DOI={10.1145/3209914.3209932}, journal={Proceedings of the 2018 International Conference on Information Science and System - ICISS 18}, author={Chung, Ji Yun and Kim, Myoung Jun}, year={2018}}

@article{isinkaye_folajimi_ojokoh_2015, title={Recommendation systems: Principles, methods and evaluation}, volume={16}, DOI={10.1016/j.eij.2015.06.005}, number={3}, journal={Egyptian Informatics Journal}, author={Isinkaye, F.o. and Folajimi, Y.o. and Ojokoh, B.a.}, year={2015}, pages={261–273}}

@article{resnick_varian_1997, title={Recommender systems}, volume={40}, DOI={10.1145/245108.245121}, number={3}, journal={Communications of the ACM}, author={Resnick, Paul and Varian, Hal R.}, year={1997}, month={Jan}, pages={56–58}}

@article{singhal_sinha_pant_2017, title={Use of Deep Learning in Modern Recommendation System: A Summary of Recent Works}, volume={180}, DOI={10.5120/ijca2017916055}, number={7}, journal={International Journal of Computer Applications}, author={Singhal, Ayush and Sinha, Pradeep and Pant, Rakesh}, year={2017}, pages={17–22}}

@article{park_yoo_cho_2006, title={A Context-Aware Music Recommendation System Using Fuzzy Bayesian Networks with Utility Theory}, DOI={10.1007/11881599_121}, journal={Fuzzy Systems and Knowledge Discovery Lecture Notes in Computer Science}, author={Park, Han-Saem and Yoo, Ji-Oh and Cho, Sung-Bae}, year={2006}, pages={970–979}}

@article{ayata_yaslan_kamasak_2018, title={Emotion Based Music Recommendation System Using Wearable Physiological Sensors}, volume={64}, DOI={10.1109/tce.2018.2844736}, number={2}, journal={IEEE Transactions on Consumer Electronics}, author={Ayata, Deger and Yaslan, Yusuf and Kamasak, Mustafa E.}, year={2018}, pages={196–203}}

@article{cano_koppenberger_wack_2005, title={An industrial-strength content-based music recommendation system}, DOI={10.1145/1076034.1076185}, journal={Proceedings of the 28th annual international ACM SIGIR conference on Research and development in information retrieval - SIGIR 05}, author={Cano, Pedro and Koppenberger, Markus and Wack, Nicolas}, year={2005}}

@article{choi_yoo_kim_suh_2012, title={A hybrid online-product recommendation system: Combining implicit rating-based collaborative filtering and sequential pattern analysis}, volume={11}, DOI={10.1016/j.elerap.2012.02.004}, number={4}, journal={Electronic Commerce Research and Applications}, author={Choi, Keunho and Yoo, Donghee and Kim, Gunwoo and Suh, Yongmoo}, year={2012}, pages={309–317}}

@article{debnath_ganguly_mitra_2008, title={Feature weighting in content based recommendation system using social network analysis}, DOI={10.1145/1367497.1367646}, journal={Proceeding of the 17th international conference on World Wide Web - WWW 08}, author={Debnath, Souvik and Ganguly, Niloy and Mitra, Pabitra}, year={2008}}
